<?xml version="1.0" encoding="UTF-8"?><record xmlns="http://www.loc.gov/MARC21/slim" xmlns:cinclude="http://apache.org/cocoon/include/1.0" xmlns:zs="http://www.loc.gov/zing/srw/">
  <leader>00392nz  a2200133n  4500</leader>
  <controlfield tag="001">no 99028644 </controlfield>
  <controlfield tag="003">DLC</controlfield>
  <controlfield tag="005">19990424052449.1</controlfield>
  <controlfield tag="008">990423n| acannaab|          |n ana     c</controlfield>
  <datafield tag="010" ind1=" " ind2=" ">
    <subfield code="a">no 99028644 </subfield>
  </datafield>
  <datafield tag="035" ind1=" " ind2=" ">
    <subfield code="a">(OCoLC)oca04971882 </subfield>
  </datafield>
  <datafield tag="040" ind1=" " ind2=" ">
    <subfield code="a">FJUNFCM</subfield>
    <subfield code="c">FJUNFCM</subfield>
  </datafield>
  <datafield tag="110" ind1="2" ind2=" ">
    <subfield code="a">Extra-Celestials (Musical group)</subfield>
  </datafield>
  <datafield tag="670" ind1=" " ind2=" ">
    <subfield code="a">Barrett, D. Moon song [SR] p1998:</subfield>
    <subfield code="b">label (Dan Barrett and his Extra-Celestials)</subfield>
  </datafield>
</record>